<?xml version="1.0" encoding="UTF-8"?><collection xmlns="http://www.loc.gov/MARC21/slim"><record><leader>00425nam--2200181-i-4500</leader><controlfield tag="001">000022897</controlfield><controlfield tag="002">20161230</controlfield><controlfield tag="005">20161230201034</controlfield><controlfield tag="008">060222s1000------------r-----000-0-rus-d</controlfield><datafield ind1=" " ind2=" " tag="040"><subfield code="a">IFIN-HH</subfield></datafield><datafield ind1=" " ind2=" " tag="041"><subfield code="a">rus</subfield></datafield><datafield ind1=" " ind2=" " tag="080"><subfield code="a">621.387.12/.13</subfield></datafield><datafield ind1="1" ind2=" " tag="100"><subfield code="a">Kaganov, I.L</subfield></datafield><datafield ind1="1" ind2="0" tag="245"><subfield code="a">Ionnie pribori</subfield><subfield code="c">I.l. kaganov</subfield></datafield><datafield ind1=" " ind2=" " tag="260"><subfield code="a">Moskva</subfield><subfield code="b">Energia</subfield><subfield code="c">1972</subfield></datafield><datafield ind1=" " ind2=" " tag="300"><subfield code="a">526P</subfield></datafield><datafield ind1=" " ind2=" " tag="852"><subfield code="a">77195</subfield><subfield code="c">537.52</subfield></datafield><datafield ind1=" " ind2=" " tag="CAT"><subfield code="a">Sys</subfield><subfield code="c">20110805</subfield><subfield code="h">084327</subfield></datafield></record></collection>